<?xml version="1.0" encoding="UTF-8"?><record xmlns="http://www.loc.gov/MARC21/slim" xmlns:cinclude="http://apache.org/cocoon/include/1.0" xmlns:zs="http://www.loc.gov/zing/srw/">
  <leader>00606nz  a2200145n  4500</leader>
  <controlfield tag="001">no2010176593</controlfield>
  <controlfield tag="003">DLC</controlfield>
  <controlfield tag="005">20101031075136.0</controlfield>
  <controlfield tag="008">101029n| acannaabn          |n ana     c</controlfield>
  <datafield tag="010" ind1=" " ind2=" ">
    <subfield code="a">no2010176593</subfield>
  </datafield>
  <datafield tag="035" ind1=" " ind2=" ">
    <subfield code="a">(OCoLC)oca08672805</subfield>
  </datafield>
  <datafield tag="040" ind1=" " ind2=" ">
    <subfield code="a">NN</subfield>
    <subfield code="b">eng</subfield>
    <subfield code="c">NN</subfield>
  </datafield>
  <datafield tag="130" ind1=" " ind2="0">
    <subfield code="a">Tres bailes (Choreographic work : Emile)</subfield>
  </datafield>
  <datafield tag="670" ind1=" " ind2=" ">
    <subfield code="a">Chor.: Jean Emile; mus.: Astor Piazzolla, Gotan Project, Alberto Iglesias; cos.: Anita Yavich. First perf.: Fire Island, N.Y., home of Jon Biondo and Tim Horman, Bay Walk West at Beach Hill, July 19, 2008; Ballet Hispanico.</subfield>
  </datafield>
  <datafield tag="670" ind1=" " ind2=" ">
    <subfield code="a">Fire Island Dance Festival [VR] 2008</subfield>
    <subfield code="b">(Tres bailes)</subfield>
  </datafield>
</record>